%% This BibTeX bibliography file was created using BibDesk.
%% http://bibdesk.sourceforge.net/


%% Created for Giorgio Re at 2014-08-07 15:57:10 +0200 


%% Saved with string encoding Unicode (UTF-8) 



@book{qss2007,
	Author = {Alfio, Quarteroni and Riccardo, Sacco and Fausto, Saleri},
	Date-Added = {2014-08-07 15:28:26 +0200},
	Date-Modified = {2014-08-07 15:56:26 +0200},
	Publisher = {Springer},
	Title = {Numerical Mathematics},
	Year = {2007}}

@book{bjork2009arbitrage,
	Author = {Tomas Bjork},
	Date-Added = {2014-08-07 14:52:54 +0200},
	Date-Modified = {2014-08-07 14:54:53 +0200},
	Publisher = {Oxford Finance},
	Title = {Arbitrage Theory in Continuous Time},
	Year = {2009}}

@book{tankov2003financial,
	Author = {Tankov, Peter Cont, Rama},
	Publisher = {CRC press},
	Title = {Financial modelling with jump processes},
	Year = {2003}}

@book{seydel2002tools,
	Author = {Seydel, R{\"u}diger and Seydel, Rudiger},
	Publisher = {Springer},
	Title = {Tools for computational finance},
	Volume = {4},
	Year = {2002}}

@book{achdou2005computational,
	Author = {Achdou, Yves and Pironneau, Olivier},
	Publisher = {Siam},
	Title = {Computational methods for option pricing},
	Volume = {30},
	Year = {2005}}

@inproceedings{tao2009finite,
	Author = {Tao, Jiang and Xin, Liu and Zhengzhou, Yu},
	Booktitle = {Information Science and Engineering (ICISE), 2009 1st International Conference on},
	Organization = {IEEE},
	Pages = {4881--4886},
	Title = {Finite Element Algorithms for Pricing 2-D Basket Options},
	Year = {2009}}

@phdthesis{jinghui2009multi,
	Author = {Jinghui Zhou},
	Date-Modified = {2014-08-07 15:57:10 +0200},
	School = {South China University of Technology},
	Title = {Multi-Asset Option Pricing with Levy Process},
	Year = {2009}}

@book{quarteroni2006modellistica,
	Author = {Quarteroni, Alfio},
	Publisher = {Springer},
	Title = {Modellistica numerica per problemi differenziali},
	Volume = {4},
	Year = {2006}}

@article{feng2011solution,
	Author = {Feng, Liming and Linetsky, Vadim and Luis Morales, Jos{\'e} and Nocedal, Jorge},
	Journal = {Optimization Methods and Software},
	Number = {4-5},
	Pages = {813--825},
	Publisher = {Taylor \& Francis},
	Title = {On the solution of complementarity problems arising in American options pricing},
	Volume = {26},
	Year = {2011}}

@book{gamma1994design,
	Author = {Gamma, Erich and Helm, Richard and Johnson, Ralph and Vlissides, John},
	Publisher = {Pearson Education},
	Title = {Design patterns: elements of reusable object-oriented software},
	Year = {1994}}
